@book{cullen2013,
  author    = {Cullen, M. and Freitag, M. A. and Kindermann, S. and Scheichl, R.},
  year      = 2013,
  title     = {{Large Scale Inverse Problems: Computational Methods and Applications in the Earth Sciences}},
  publisher = {De Gruyter},
  address   = {Berlin},
  volume    = 13,
  series    = {{Radon Series on Computational and Applied Mathematics}},
  url       = {http://www.degruyter.com/view/product/182025},
  urlname   = {De Gruyter Link},
  notes     = {Editors}
} 

@book{bastian2013,
  author    = {Bastian, P. and Kraus, J. and Scheichl, R. and Wheeler, M.F.},
  year      = 2013,
  title     = {{Simulation of Flow in Porous Media: Applications in Energy and Environment}},
  series    = {{Radon Series on Computational and Applied Mathematics}},
  volume    = 12,
  publisher = {De Gruyter},
  address   = {Berlin},
  url       = {http://www.degruyter.com/view/product/182024},
  urlname   = {De Gruyter Link},
  notes     = {Editors}
}

@book{graham2012,
  author    = {Graham, I.G. and  Hou, T.Y. and Lakkis, O. and Scheichl, R.},
  year      = 2012,
  title     = {{Numerical Analysis of Multiscale Problems}},
  series    = {Lecture Notes in Computational Science and Engineering},
  volume    = {83},
  publisher = {Springer},
  address   = {Heidelberg},
  url       = {http://www.springer.com/mathematics/computational+science+%26+engineering/book/978-3-642-22060-9},
  urlname   = {Springer Link},
  notes     = {Editors}
}

@book{masterthesis,
  author    = {R. Scheichl},
  year      = 1997,
  title     = {{Parallel Solution of the Transient Multigroup Neutron Diffusion Equations with Multi-Grid and Preconditioned Krylov-Subspace Methods (Master's Thesis)}},
  series    = {Schriften der Johannes Kepler Universitaet Linz},
  volume    = {C21},
  publisher = {Trauner-Verlag},
  address   = {Linz},
  url       = {https://ganymed.math.uni-heidelberg.de/~rscheichl/theses/diplom.ps.gz},
  urlname   = {PostScript file}
}