@misc{mueller2013,
  author = {E. Mueller and R. Scheichl and E. Vainikko},
   year = 2013,
   title = {Matrix-free multi-GPU implementation of elliptic solvers for strongly anisotropic PDEs},
   notes = {Extended Abstract for the 5th UK Manycore Developer Conference, Oxford, 16 December 2013},
   url = {https://ganymed.math.uni-heidelberg.de/~rscheichl/preprints/abstractEikeMueller.pdf}
   }

@misc{teckentrup2010,
  author = {A.L. Teckentrup and R. Scheichl},
  year = 2010,
  title = {Preliminary numerical results on multilevel Monte Carlo for elliptic PDEs with random coefficients},
  notes = {Technical Report, University of Bath, 18 May 2010},
  url = {https://ganymed.math.uni-heidelberg.de/~rscheichl/preprints/Notes180510.pdf}
  }

@misc{aksoylu2008,
  author = {B. Aksoylu and I.G. Graham and H. Klie and R. Scheichl},
  year = 2008,
  title = {A Rigorously Justified Robust Algebraic Preconditioner for High-Contrast Diffusion Problems},
  notes = {Extended Abstract for the 8th World Congress on Computational Mechanics (WCCM8) and the 5th European Congress on Computational Methods in Applied Sciences and Engineering (ECCOMAS 2008), Venice, 30 June - 4 July 2008},
  url = {https://ganymed.math.uni-heidelberg.de/~rscheichl/preprints/agks_extendedabst_eccomas_3472.pdf}
  }

@misc{norton2007,
  author = {R. Norton and R. Scheichl},
  year = 2007,
  title = {Convergence Analysis of Planewave Expansion for Band Gap Computations in Photonic Crystal Fibres},
  notes = {Extended Abstract for the 8th International Conference on Mathematical and Numerical Aspects of Waves (Waves 2007), University of Reading, July 23-27, 2007},
  url = {https://ganymed.math.uni-heidelberg.de/~rscheichl/preprints/waves07.pdf}
  }

@misc{allwright2006,
  author = {D. Allwright and K. Briggs and P. Dellar and J. Gravesen and R. Scheichl and J. Van lent and M. Zyskin},
  year = 2006,
  title = {Sensitivity of Markov chains for wireless protocols},
  notes = {Study Group Report, 56th European Study Group with Industry, Bath},
  url = {https://ganymed.math.uni-heidelberg.de/~rscheichl/preprints/BT-ProtocolReport.pdf}
  }

@misc{scheichl2000,
  author = {R. Scheichl},
  year = 2000,
  title = {A Decoupled Iterative Method for Mixed Problems using Divergence-free Finite Elements},
  notes = {Extended Abstract, SIAM Student Paper Prize 2000, SIAM Annual Meeting, Rio Grande, Puerto Rico, July 10-14, 2000},
  url = {https://ganymed.math.uni-heidelberg.de/~rscheichl/preprints/siam_extended.pdf}
  }

