############################################
# Rob ######################################
############################################

@preprint{scheichlMLMCQM,
  author = {K. Jansen and E.H. Mueller and R. Scheichl},
  title = {Multilevel Monte Carlo for Quantum Mechanics on a Lattice},
  year = 2020,
  url = {https://arxiv.org/abs/2008.03090},
  submitted = {submitted 7 August 2020}
}

@preprint{detommaso2020hint,
  author    = {J. Kruse and G. Detommaso and R. Scheichl and U. Köthe},
  title     = {{HINT: Hierarchical Invertible Neural Transport for Density Estimation and Bayesian Inference}},
  submitted = {submitted 7 Feb 2020},
  url       = {https://arxiv.org/abs/1905.10687}
}

@preprint{rohrbach2020rankbound,
  title     = {Rank Bounds for Approximating Gaussian Densities in the Tensor-Train Format},
  author    = {P. B. Rohrbach and S. Dolgov and L. Grasedyck and R. Scheichl},
  url       = {https://arxiv.org/abs/2001.08187},
  submitted = {submitted 22 January 2020}
}

@preprint{bachmayr2019unified,
  title     = {Unified Analysis of Periodization-Based Sampling Methods for Matérn Covariances},
  author    = {M. Bachmayr and I. G. Graham and V. K. Nguyen and R. Scheichl},
  submitted = {},
  url       = {https://arxiv.org/abs/1905.13522}
}

@preprint{detommaso2020hint,
  author    = {G. Detommaso and J. Kruse and L. Ardizzone and C. Rother and U. Köthe and R. Scheichl},
  title     = {{HINT: Hierarchical Invertible Neural Transport for Density Estimation and Bayesian Inference}},
  submitted = {resubmitted 7 Feb 2020},
  url       = {https://arxiv.org/abs/1905.10687}
}

@preprint{rohrbach2020rankbound,
  title     = {Rank Bounds for Approximating Gaussian Densities in the Tensor-Train Format},
  author    = {P. B. Rohrbach and S. Dolgov and L. Grasedyck and R. Scheichl},
  url       = {https://arxiv.org/abs/2001.08187},
  submitted = {submitted 22 January 2020}
}

@preprint{cui2019,
  title     = {Multilevel Dimension-Independent Likelihood-Informed MCMC for Large-Scale Inverse Problems},
  author    = {T. Cui and G. Detommaso and R. Scheichl},
  url       = {https://arxiv.org/abs/1910.12431},
  submitted = {submitted 28 October 2019}
}

@preprint{bachmayr2019unified,
  title     = {Unified Analysis of Periodization-Based Sampling Methods for Matérn Covariances},
  author    = {M. Bachmayr and I. G. Graham and V. K. Nguyen and R. Scheichl},
  submitted = {to appear in SIAM Journal on Numerical Analysis},
  url       = {https://arxiv.org/abs/1905.13522}
}

@preprint{cui2019,
  title     = {Multilevel Dimension-Independent Likelihood-Informed MCMC for Large-Scale Inverse Problems},
  author    = {T. Cui and G. Detommaso and R. Scheichl},
  url       = {https://arxiv.org/abs/1910.12431},
  submitted = {submitted 28 October 2019}
}

@preprint{graham2019,
  title     = {Error Analysis and Uncertainty Quantification for the Heterogeneous Transport Equation in Slab Geometry},
  author    = {I. G. Graham and M. J. Parkinson and R. Scheichl},
  submitted = {IMA Journal of Numerical Analyis, published online 8 August 2020},
  url       = {https://arxiv.org/abs/1903.11838}
}

@preprint{dodwell2019multilevel,
  title     = {Multilevel Monte Carlo Simulations of Composite Structures with Uncertain Manufacturing Defects},
  author    = {T. J. Dodwell and S. Kinston and R. Butler and R. T. Haftka and Nam H. Kim and R. Scheichl},
  submitted = {to appear in Probabilistic Engineering Mechanics},
  url       = {https://arxiv.org/abs/1907.10271}
}

############################################
# Tobias ###################################
############################################
@preprint{siemstrans,
  author =       "Tobias {Siems} and Lisa {Koeppel}",
  title =        "{A note on the Metropolis-Hastings acceptance probabilities for mixture spaces}",
  year =         "2018",
  url =         "https://arxiv.org/abs/1808.00789"
}
 
@preprint{siemsfinite,
  author =       "Tobias {Siems}",
  title =        "{Markov Chain Monte Carlo on Finite State Spaces}",
  year =         "2019",
  url =         "https://arxiv.org/abs/1903.09019"
}

############################################
# Chupeng ##################################
############################################
@preprint{ma2020energy,
  author = {Chupeng Ma and Liqun Cao and Yanping Lin},
  year = 2020,
  title = {Energy Conserving Galerkin Finite Element Method for the Maxxwell--Klein--Gordon System},
  submitted = {accepted by SIAM Journal on Numerical Analysis}
}

@preprint{ma2020multiscale,
  author = {Chupeng Ma and Jizu Huang and Liqun Cao and Yanping Lin},
  year = 2020,
  title = {Multiscale Computations for the Maxwell–Schrodinger System in Heterogeneous Nanostructures},
  submitted = {accepted by Communications in Computational Physics}
}

@preprint{chupeng2019fe,
  author = {Chupeng Ma and Yongwei Zhang and Jun Zou},
  year = 2019,
  title ={Mathematical and Finite Element Analysis of a Nonlocal Drude Model in Nanoplasmonics}
}

@preprint{zhang2020nano,
  author = {Yongwei Zhang and Chupeng Ma and Liqun Cao and Dongyang Shi},
  year = 2020,
  title = {Efficient Multiscale algorithms for Simulating Nonlocal Optical
Response of Metallic Nanostructure Arrays}
}