@article{ma2018error,
   title={Error estimates of Crank--Nicolson Galerkin method for the 
time-dependent Maxwell--Schr{\"o}dinger equations under the Lorentz 
gauge},
   author={Ma, Chupeng and Cao, Liqun and Lin, Yanping},
   journal={IMA Journal of Numerical Analysis},
   volume={38},
   number={4},
   pages={2074--2104},
   year={2018},
   publisher={Oxford University Press}
}

@article{ma2018crank,
   title={A Crank--Nicolson Finite Element Method and the Optimal 
Error Estimates for the Modified Time-Dependent Maxwell--Schrödinger 
Equations},
   author={Ma, Chupeng and Cao, Liqun},
   journal={SIAM Journal on Numerical Analysis},
   volume={56},
   number={1},
   pages={369--396},
   year={2018},
   publisher={SIAM}
}


@article{ma2019multiscale,
   title={Multiscale Algorithms and Computations for the 
Time-Dependent Maxwell--Schrödinger System in Heterogeneous 
Nanostructures},
   author={Ma, Chupeng and Cao, Liqun and Lin, Yanping},
   journal={SIAM Journal on Scientific Computing},
   volume={41},
   number={2},
   pages={A1091--A1120},
   year={2019},
   publisher={SIAM}
}

@article{ma2019analysis,
   title={ANALYSIS OF A FULLY DISCRETE FINITE ELEMENT METHOD FOR THE 
MAXWELL--SCHRODINGER SYSTEM IN THE COULOMB GAUGE},
   author={Ma, Chupeng and Cao, Liqun and Huang, Jizu},
   journal={INTERNATIONAL JOURNAL OF NUMERICAL ANALYSIS AND MODELING},
   volume={16},
   number={1},
   pages={139--166},
   year={2019},
   publisher={ISCI-INST SCIENTIFIC COMPUTING \& INFORMATION PO BOX 
60632, UNIV ALBERTA~…}
}

@article{GilbWas17,
  author = {Gilbert, A. D. and Wasilkowski, G. W.},
  title = {{Small superposition dimension and active set construction for multivariate integration under modest error demand}},
  journal = {J. Complexity},
  volume = {42},
  year = {2017},
  pages = {94--109}
}

@article{GilbKS18,
  author = {Gilbert, A. D. and Kuo, F. Y. and Sloan, I. H.},
  title = {{Hiding the weights---CBC black box algorithms with a guaranteed error bound}},
  journal = {Math. Comp. Simul.},
  volume = {143},
  pages = {202--214},
  year = {2018},
  url = {https://arxiv.org/abs/1810.03394}
}

@article{gilb2019qmc,
  author = {Gilbert, A. D. and Graham, I. G. and Kuo, F. Y. and Scheichl, R. and Sloan, I. H.},
  title = {{Analysis of quasi-Monte Carlo methods for elliptic eigenvalue problems with stochastic coefficients}},
  journal ={Numer. Math.},
  volume={142},
  pages={863--915},
  year = {2019},
  url = {https://arxiv.org/abs/1808.02639}
}

@article{GilbKNW18,
  author = {Gilbert, A. D. and Kuo, F. Y. and Nuyens, D. and Wasilkowski, G. W.},
  title = {{Efficient implementations of the Multivariate Decomposition Method for approximating infinite-variate integrals}},
  journal =  {SIAM J. Sci. Comp.},
  volume = {40},
  pages = {A3240--A3266},
  year  = {2018},
  url = {https://arxiv.org/abs/1712.06782} 
} 

@article{butler2020dune,
   title={High-performance dune modules for solving large-scale, strongly anisotropic elliptic problems with applications to aerospace composites},
   volume={249},
   url={http://dx.doi.org/10.1016/j.cpc.2019.106997},
   journal={Computer Physics Communications},
   author={Butler, R. and Dodwell, T. and Reinarz, A. and Sandhu, A. and Scheichl, R. and Seelinger, L.},
   year={2020},
   pages={106997}
}

@article{dolgov2018approximation,
    title={Approximation and sampling of multivariate probability distributions in the tensor train decomposition},
    author={S. Dolgov and K. Anaya-Izquierdo and C. Fox and R. Scheichl},
    year={2019},
    journal = {Statistics and Computing},
    notes = {published online 2 Nov 2019}, 
    url = {https://arxiv.org/abs/1810.01212}
}

@article{Kobayashi_2019,
   title={Correction of coarse-graining errors by a two-level method: Application to the Asakura-Oosawa model},
   volume={151},
   url={http://dx.doi.org/10.1063/1.5120833},
   number={14},
   journal={The Journal of Chemical Physics},
   author={Kobayashi, H. and Rohrbach, P. and Scheichl, R. and Wilding, N. B. and Jack, R. L.},
   year={2019},
   pages={144108}
}

@article{dodwell2019mlmcmc,
  url = {https://doi.org/10.1137/19m126966x},
  year = {2019},
  publisher = {Society for Industrial {\&} Applied Mathematics ({SIAM})},
  volume = {61},
  number = {3},
  pages = {509--545},
  author = {T. J. Dodwell and C. Ketelsen and R. Scheichl and A. L. Teckentrup},
  title = {Multilevel Markov Chain Monte Carlo},
  journal = {{SIAM} Review}
}

@article{dolgov2017hybrid,
    title={A hybrid Alternating Least Squares -- TT Cross algorithm for parametric PDEs},
    author={S. Dolgov and R. Scheichl},
    year={2019},
    url = {https://arxiv.org/abs/1707.04562},
    journal = {{SIAM/ASA} Journal on Uncertainty Quantification},
    volume = 7,
    number = 1,
    pages = {260-291}
}

@article{detommaso2018continuous, 
    title={Continuous Level Monte Carlo and Sample-Adaptive Model Hierarchies},
    author={G. Detommaso and T. Dodwell and R. Scheichl},
    year={2018},
    url = {https://arxiv.org/abs/1802.07539},
    journal = {SIAM/ASA Journal on Uncertainty Quantification},
    volume = 7,
    number = 1,
    pages = {93-116}
}

@article{detommaso2018stein,
    title={A Stein variational Newton method},
    author={G. Detommaso and T. Cui and A. Spantini and Y. Marzouk and R. Scheichl},
    year={2018},
    journal = {Advances in Neural Information Processing Systems (NIPS 2018)},
    volume = 31,
    pages = {9187-9197},
    url = {http://arxiv.org/abs/1806.03085}
}

@article{graham2017circulant,
    title={Circulant embedding with QMC -- analysis for elliptic PDE with lognormal coefficients},
    author={I. G. Graham and F. Y. Kuo and D. Nuyens and R. Scheichl and I. H. Sloan},
    year={2018},
    url={http://arxiv.org/abs/1710.09254},
    journal={Numerische Mathematik},
    volume = 140,
    number = 2,
    pages = {479-511}
}

@article{graham2017analysis,
    title={Analysis of circulant embedding methods for sampling stationary random fields},
    author={I. G. Graham and F. Y. Kuo and D. Nuyens and R. Scheichl and I. H. Sloan},
    year={2018},
    url={https://arxiv.org/abs/1710.00751},
    journal={SIAM Journal on Numerical Analysis},
    volume = 56,
    number = 3,
    pages = {1871-1895}
}

@article{katsiolides2016multilevel,
    title={Multilevel Monte Carlo and Improved Timestepping Methods in Atmospheric Dispersion Modelling},
    author={G. Katsiolides and E. H. Müller and R. Scheichl and T. Shardlow and M. B. Giles and D. J. Thomson},
    year={2018},
    url = {https://arxiv.org/abs/1612.07717},
    journal =  {Journal of Computational Physics},
    volume = 354,
    pages = {320-343}
}

@article{Reinarz_2018,
   title={Dune-composites – A new framework for high-performance finite element modelling of laminates},
   volume={184},
   url={https://arxiv.org/abs/1707.04228},
   journal={Composite Structures},
   publisher={Elsevier BV},
   author={Reinarz, A. and Dodwell, T. and Fletcher, T. and Seelinger, L. and Butler, R. and Scheichl, R.},
   year={2018},
   pages={269–278}
}

@article{gmeiner2016scheduling,
    title={Scheduling massively parallel multigrid for multilevel Monte Carlo methods},
    author={B. Gmeiner and D. Drzisga and U. Rüde and R. Scheichl and B. Wohlmuth},
    year={2017},
    url = {https://arxiv.org/abs/1607.03252},
    journal={SIAM Journal on Scientific Computing},
    volume = 39, 
    number = 5,
    pages = {S873-S897}
}

@article{kuo2015multilevel,
    title={Multilevel Quasi-Monte Carlo Methods for Lognormal Diffusion Problems},
    author={F. Y. Kuo and R. Scheichl and C. Schwab and I. H. Sloan and E. Ullmann},
    year={2017},
    url = {https://arxiv.org/abs/1507.01090},
    journal = {Mathematics of Computation},
    volume = 86,
    pages = {2827-2860}
}

@article{scheichl2016quasimonte,
    title={Quasi-Monte Carlo and Multilevel Monte Carlo Methods for Computing Posterior Expectations in Elliptic Inverse Problems},
    author={R. Scheichl and A. M. Stuart and A. L. Teckentrup},
    year={2017},
    url={https://arxiv.org/abs/1602.04704},
    journal={SIAM/ASA Journal on Uncertainty Quantification},
    volume = 5,
    number = 1,
    pages = {493-518}
}

@article{peterseim2016robust,
    title={Robust Numerical Upscaling of Elliptic Multiscale Problems at High Contrast},
    author={D. Peterseim and R. Scheichl},
    year={2016},
    url = {http://arxiv.org/abs/1601.06549},
    journal = {Computational Methods in Applied Mathematics},
    volume = 16,
    number = 4,
    pages = {579-603}
}

@article{FLETCHER201626,
title = {Resin treatment of free edges to aid certification of through thickness laminate strength},
journal = {Composite Structures},
volume = 146,
pages = {26-33},
year = 2016,
author = "T. A. Fletcher and T. Kim and T. J. Dodwell and R. Butler and R. Scheichl and R. Newley",
}

@article{ferreirocastilla2013eulerpoisson,
    title={An Euler-Poisson Scheme for Lévy driven SDEs},
    author={A. Ferreiro-Castilla and A. E. Kyprianou and R. Scheichl},
    year={2016},
    url = {https://arxiv.org/abs/1309.1839},
    urlname = {Preprint (Sept 2013)},
    journal={Journal of Applied Probability},
    volume = 53,
    number = 1,
    pages = {262-278}
}

@article{dedner2014efficient,
    title={Efficient Multigrid Preconditioners for Atmospheric Flow Simulations at High Aspect Ratio},
    author={A. Dedner and E. H. Müller and R. Scheichl},
    year={2016},
    url={https://arxiv.org/abs/1408.2981},
    journal={International Journal for Numerical Methods in Fluids},
    volume = 80,
    number = 1,
    pages = {76-102}
}

@article{graham2013mixed,
    title={Mixed Finite Element Analysis of Lognormal Diffusion and Multilevel Monte Carlo Methods},
    author={I. G. Graham and R. Scheichl and E. Ullmann},
    year={2015},
    url = {https://arxiv.org/abs/1312.6047},
    urlname = {Preprint (Dec 2013)},
    journal = {Stochastics and Partial Differential Equations: Analysis and Computations},
    volume = 4,
    number = 1,
    pages = {41-75}
}

@article{Loisel2015,
  author = {S. Loisel and H. Nguyen and R. Scheichl},
  year = 2015,
  title = {Optimized Schwarz and 2-Lagrange Multiplier Methods for Multiscale PDEs},
  journal = {SIAM Journal of Scientific Computing},
  volume = 37,
  number = 6,
  pages = {A2896-A2923}
}

@article{mller2014petascale,
    title={Petascale elliptic solvers for anisotropic PDEs on GPU clusters},
    author={E. H. Müller and R. Scheichl and E. Vainikko},
    year={2015},
    url={https://arxiv.org/abs/1402.3545},
    journal={Parallel Computing},
    volume = 50,
    pages = {53-69}
}

@article{dodwell2013hierarchical,
    title={A Hierarchical Multilevel Markov Chain Monte Carlo Algorithm with Applications to Uncertainty Quantification in Subsurface Flow},
    author={T. J. Dodwell and C. Ketelsen and R. Scheichl and A. L. Teckentrup},
    year={2015},
    url = {https://arxiv.org/abs/1303.7343},
    urlname = {Preprint (v1: Mar 2013)},
    journal = {SIAM/ASA Journal on Uncertainty Quantification},
    volume = 3,
    number = 1,
    pages = {1075-1108}
}

@article{mueller2014improving,
    title={Improving MLMC for SDEs with application to the Langevin equation},
    author={E. H. Mueller and R. Scheichl and T. Shardlow},
    year={2015},
    url = {https://arxiv.org/abs/1409.2342},
    journal = {Proceedings of the Royal Society A},
    volume = 471,
    pages = {20140679}
}

@article{GKNSSS13_510,
  author = {I. G. Graham and F.Y. Kuo and J. A. Nichols and R. Scheichl and Ch. Schwab and I. H. Sloan},
  title = {Quasi-Monte Carlo finite element methods for elliptic PDEs with log-normal random coefficient},
  url={http://www.sam.math.ethz.ch/sam_reports/index.php?id=2013-14},
  urlname = {Preprint (May 2013)},
  year = {2015},
  journal={Numerische Mathematik},
  volume = 131,
  number = 2,
  pages = {329-368}
}

@article{dauge2013regularity,
    title={Regularity for Maxwell eigenproblems in photonic crystal fibre modelling},
    author={M. Dauge and R. A. Norton and R. Scheichl},
    year={2014},
    url={https://arxiv.org/abs/1310.7000},
    journal={BIT Numerical Mathematics},
    volume = 55,
    number = 1,
    pages = {59-80}
}

@article{muller2014parallel,
   title={Massively parallel solvers for elliptic partial differential equations in numerical weather and climate prediction},
   volume={140},
    url={http://dx.doi.org/10.1002/qj.2327},
    number={685},
   journal={Quarterly Journal of the Royal Meteorological Society},
    author={Müller, E. H. and Scheichl, R.},
   year={2014},
   pages={2608–2624}
}

@article{ferreirocastilla2012multilevel,
    title={Multilevel Monte Carlo simulation for Levy processes based on the Wiener-Hopf factorisation},
    author={A. Ferreiro-Castilla and A. E. Kyprianou and R. Scheichl and G. Suryanarayana},
    year={2014},
    url={https://arxiv.org/abs/1210.5868},
    urlname={Preprint (Oct 2012)},
    journal={Stochastic Processes and their Applications},
    volume = 124,
    number = 2,
    pages = {985-1010}
}

@article{spillane2014coarse,
  author = {N. Spillane and V. Dolean and P. Hauret and F. Nataf and C. Pechstein and R. Scheichl},
  year = 2014,
  title = {Abstract Robust Coarse Spaces for Systems of PDEs via Generalized Eigenproblems in the Overlaps},
  journal = {Numerische Mathematik},
  volume = 126,
  number = 4,
  pages = {741-770},
  urlname = {Preprint (Nov 2011)},
  url = {https://ganymed.math.uni-heidelberg.de/~rscheichl/preprints/2011-07.pdf}
}

@article{mueller2013matrixfree,
    title={Matrix-free GPU implementation of a preconditioned conjugate gradient solver for anisotropic elliptic PDEs},
    author={E. H. Mueller and X. Guo and R. Scheichl and S. Shi},
    year={2013},
    url={https://arxiv.org/abs/1302.7193},
    journal = {Computing and Visualization in Science},
    volume = 16,
    number = 2,
    pages = {41-58}
 }

@article{teckentrup2012analysis,
    title={Further analysis of multilevel Monte Carlo methods for elliptic PDEs with random coefficients},
    author={A. L. Teckentrup and R. Scheichl and M. B. Giles and E. Ullmann},
    year={2013},
    url={https://arxiv.org/abs/1204.3476},
    journal={Numerische Mathematik},
    volume = 125,
    number = 3,
    pages = {569-600}
}

@article{charrier2013,
  author = {J. Charrier and R. Scheichl and A.L. Teckentrup},
  year = 2013,
  title = {Finite Element Error Analysis of Elliptic PDEs with Random Coefficients and its Application to Multilevel Monte Carlo Methods},
  journal = {SIAM Journal on Numerical Analysis},
  volume = 51,
  number = 1,
  pages = {322-352},
  urlname = {Preprint (April 2011)},
  url = {https://ganymed.math.uni-heidelberg.de/~rscheichl/preprints/CharScheTeck2011_preprint.pdf}
 }

@article{norton2012,
  author = {R. Norton and R. Scheichl},
  year = 2012,
  title = {Planewave Expansion Methods for Photonic Crystal Fibres},
  journal = {Applied Numerical Mathematics},
  volume = 63,
  pages = {88-104},
  url = {https://ganymed.math.uni-heidelberg.de/~rscheichl/preprints/paper3final.pdf}
}

@article{pechstein2012,
  author = {C. Pechstein and R. Scheichl},
  year = 2012,
  title = {Weighted Poincare Inequalities},
  journal = {IMA Journal on Numerical Analysis},
  volume = 33,
  number = 2,
  pages = {652-686},
  urlname = {Preprint (Dec 2010)},
  url = {https://ganymed.math.uni-heidelberg.de/~rscheichl/preprints/2010-10.pdf}
}

@article{dolean:hal-00586246,
  TITLE = {{Analysis of a two-level Schwarz method with coarse spaces based on local Dirichlet--to--Neumann maps}},
  AUTHOR = {Dolean, V. and Nataf, F. and Scheichl, R. and Spillane, N.},
  URL = {https://hal.archives-ouvertes.fr/hal-00586246},
  JOURNAL = {Computational Methods in Applied Mathematics},
  VOLUME = {12},
  NUMBER = {4},
  PAGES = {391-414},
  YEAR = {2012}
}

@article{scheichl2010,
  author = {R. Scheichl and P.S. Vassilevski and L.T. Zikatanov},
  year = 2012,
  title = {Mutilevel Methods for Elliptic Problems with Highly Varying Coefficients on Non-Aligned Coarse Grids},
  journal = {SIAM Journal on Numerical Analysis},
  volume = 50,
  number = 3,
  pages = {1675-1694},
  url = {https://ganymed.math.uni-heidelberg.de/~rscheichl/preprints/SVZ_paper_I.pdf},
  urlname = {Preprint (Aug 2010)}
}

@article{marletta2012,
  author = {M. Marletta and R. Scheichl},
  year = 2012,
  title = {Eigenvalues in Spectral Gaps of Differential Operators},
  journal = {Journal of Spectral Theory},
  volume = 2,
  number = 3,
  pages = {293-320},
  url = {https://ganymed.math.uni-heidelberg.de/~rscheichl/preprints/kmspreprint.pdf},
  urlname = {Preprint (Sept 2010)}
}

@article{bastian2012,
  author={P. Bastian and M. Blatt and R. Scheichl},
  year = 2012,
  title = {Algebraic Multigrid for Discontinuous Galerkin Discretizations},
  journal = {Numerical Linear Algebra with Applications},
  volume = 19,
  number = 2,
  pages = {367-388},
  url = {https://ganymed.math.uni-heidelberg.de/~rscheichl/preprints/amg4dg.pdf}
}

@article{spillane2011,
  author = {N. Spillane and V. Dolean and P. Hauret and F. Nataf and C. Pechstein and R. Scheichl},
  year = 2011,
  title = {A Robust Two Level Domain Decomposition Preconditioner for Systems of PDEs},
  journal = {Comptes Rendus Mathematique},
  volume = 349,
  number = {23-24},
  pages = {1255-1259},
  url = {https://ganymed.math.uni-heidelberg.de/~rscheichl/preprints/CRAS_SDHNPS_2011.pdf}
  }

@article{scheichl2011b,
  author = {R. Scheichl and P.S. Vassilevski and L.T. Zikatanov},
  year = 2011,
  title = {Weak Approximation Properties of Elliptic Projections with Functional Constraints},
  journal = {Multiscale Modeling and Simulation and Analysis},
  volume = 9,
  number = 4,
  pages = {1677-1699},
  url = {https://ganymed.math.uni-heidelberg.de/~rscheichl/preprints/IM-462079-7.pdf}
  }

@article{cliffe2011,
  author = {K.A. Cliffe and M.B. Giles and R. Scheichl and A.L. Teckentrup},
  year = 2011,
  title = {Multilevel Monte Carlo Methods and Applications to Elliptic PDEs with Random Coefficients},
  journal = {Computing and Visualization in Science},
  volume = 14,
  number = 1,
  pages = {3-15},
  url = {https://ganymed.math.uni-heidelberg.de/~rscheichl/preprints/cgst.pdf}
  }

@article{buckeridge2011,
  author={S.D. Buckeridge and M.J.P. Cullen and R. Scheichl and M. Wlasak},
  year = 2011,
  title = {A Robust Numerical Method for the Potential Vorticity Based Control Variable Transform in Variational Data Assimilation},
  journal = {Quarterly J Royal Meteorological Soc},
  volume = 137,
  number = 657,
  pages = {1083-1094}
  }

@article{pechstein2011,
  author = {C. Pechstein and R. Scheichl},
  year = 2011,
  title = {Analysis of FETI Methods for Multiscale PDEs - Part II: Interface Variation},
  journal = {Numerische Mathematik},
  volume = 118,
  number = 3,
  pages = {485-529},
  urlname = {Preprint (July 2009)},
  url = {https://ganymed.math.uni-heidelberg.de/~rscheichl/preprints/fetiMS2_PREPRINT.pdf}
}

@article{graham2011,
  author = {I. G. Graham and F. Y. Kuo and D. Nuyens and R. Scheichl and I. H. Sloan},
  year = 2011,
  title = {Quasi-Monte Carlo Methods for for Elliptic PDEs with Random Coefficients and Applications},
  journal = {Journal of Computational Physics},
  volume = 230,
  number = 10,
  pages = {3668-3694},
  url = {https://ganymed.math.uni-heidelberg.de/~rscheichl/preprints/BICS10_4.pdf}
  }

@article{buckeridge2010,
  author = {S.D. Buckeridge and R. Scheichl},
  year = 2010,
  title = {Parallel Geometric Multigrid for Global Weather Prediction},
  journal = {Numerical Linear Algebra with Applications},
  volume = 17,
  pages = {325-342},
  url = {https://ganymed.math.uni-heidelberg.de/~rscheichl/preprints/buckeridge_scheichl_numg_preprint.pdf}
  }

@article{norton2010,
  author = {R. Norton and R. Scheichl},
  year = 2010,
  title = {Convergence Analysis of Planewave Expansion Methods for Schroedinger Operators with Discontinuous Periodic Potentials},
  journal = {SIAM Journal for Numerical Analysis},
  volume = 47,
  number=6,
  pages = {4356-4380},
  url = {https://ganymed.math.uni-heidelberg.de/~rscheichl/preprints/NortonScheichlPreprint1.pdf}
}

@article{pechstein2009,
  author = {C. Pechstein and R. Scheichl},
  year = 2009,
  title = {Scaling Up through Domain Decomposition},
  journal = {Applicable Analysis},
  volume = 88,
  number = 10,
  pages = {1589-1608},
  url = {https://ganymed.math.uni-heidelberg.de/~rscheichl/preprints/ApplAnal_PechSchei_Revised_PP.pdf}
  }

@article{lent2009,
  author = {J. Van lent and R. Scheichl and I.G. Graham},
  year = 2009,
  title = {Energy Minimizing Coarse Spaces for Two-level Schwarz Methods for Multiscale PDEs},
  journal = {Numerical Linear Algebra with Applications},
  volume = 16,
  number=10,
  pages = {775-799},
  url = {https://ganymed.math.uni-heidelberg.de/~rscheichl/preprints/vsg_preprint1208.pdf}
  }

@article{pechstein2008,
  author = {C. Pechstein and R. Scheichl},
  year = {2008},
  title = {Analysis of FETI Methods for Multiscale PDEs},
  journal = {Numerische Mathematik},
  volume = 111,
  number = 2,
  pages =  {293-333},
  url = {https://ganymed.math.uni-heidelberg.de/~rscheichl/preprints/pech_schei_rep08-20.pdf}
  }

@article{aksoylu2008,
  author = {B. Aksoylu and I.G. Graham and H. Klie and R. Scheichl},
  year = 2008,
  title = {Towards a Rigorously Justified Algebraic Preconditioner for High-Contrast Diffusion Problems},
  journal = {Computing and Visualization in Science},
  volume = 11,
  pages = {319-331},
  url = {https://ganymed.math.uni-heidelberg.de/~rscheichl/preprints/agks_preprint_08.pdf}
}

@article{scheichl2007,
  author = {R. Scheichl and E. Vainikko},
  year = 2007,
  title = {Additive Schwarz with Aggregation-Based Coarsening for Elliptic Problems with Highly Variable Coefficients},
  journal = {Computing},
  volume = 80,
  number = 4,
  pages = {319-343},
  url = {https://ganymed.math.uni-heidelberg.de/~rscheichl/preprints/sch_vai_preprint_9_06.pdf}
}

@article{graham2007,
  author = {I.G. Graham and P. Lechner and R. Scheichl},
  year = 2007,
  title = {Decomposition for Multiscale PDEs},
  journal = {Numerische Mathematik},
  volume = 106,
  pages = {589-626},
  url = {https://ganymed.math.uni-heidelberg.de/~rscheichl/preprints/gra_lec_sch_preprint_1106.pdf}
  }

@article{graham2007b,
  author = {I.G. Graham and R. Scheichl},
  year = 2007,
  title = {Robust Domain Decomposition Algorithms for Multiscale PDEs},
  journal = {Numerical Methods for Partial Differential Equations},
  volume = 23,
  number = 4,
  pages = {859-878},
  url = {https://ganymed.math.uni-heidelberg.de/~rscheichl/preprints/gra_sch_preprint_1406.pdf]}
}

@article{scheichl2005,
  author = {R. Scheichl and M. H. Klopffer and Z. Benjelloun-Dabaghi and B. Flaconneche},
  year = 2005,
  title = {Permeation of Gases in Polymers: Parameter Identification and Nonlinear Regression Analysis},
  journal = {Journal of Membrane Science},
  volume = 254,
  pages = {275-293},
  urlname = {PostScript file},
  url = {https://ganymed.math.uni-heidelberg.de/~rscheichl/preprints/permgas.ps.gz}
}

@article{scheichl2003,
  author = {R. Scheichl and R. Masson and J. Wendebourg},
  year = 2003,
  title = {Decoupling and Block Preconditioning for Sedimentary Basin Simulations},
  journal = {Computational Geosciences},
  volume = 7,
  number = 4,
  pages = {295-318},
  url = {http://www.maths.bath.ac.uk/preprints/maths0205.ps.gz}
}

@article{scheichl2002,
  author = {R. Scheichl},
  year = 2002,
  title = {Decoupling Three-dimensional Mixed Problems Using Divergence-free Finite Elements},
  notes = {(SIAM Student Paper Prize 2000)},
  journal = {SIAM Journal of Scientific Computing},
  volume = 23,
  number = 5,
  pages = {1752-1776},
  url = {http://www.maths.bath.ac.uk/preprints/maths0011.ps.gz}
}

@article{cliffe2000,
  author = {K.A. Cliffe and I.G. Graham and R. Scheichl and L. Stals},
  year = 2000,
  title = {Parallel Computation of Flow in Heterogeneous Media Modelled by Mixed Finite Elements},
  journal = {Journal of Computational Physics},
  volume = 164,
  pages = {258-282},
  url = {http://www.maths.bath.ac.uk/preprints/maths9916.ps.gz}
}

@article{scheichl2000,
  author = {R. Scheichl},
  year = 2000,
  title = {Parallel Solvers for the Transient Multigroup Neutron Diffusion Equations},
  journal = {International Journal for Numerical Methods in Engineering},
  volume = 47,
  pages = {1751-1771},
  url = {http://www.maths.bath.ac.uk/preprints/maths9830.ps.gz}
}
