@inproceedings{scheichl2019,
  author = {R. Scheichl},
  year = 2019,
  title = {Generalised Finite Elements and Energy Minimisation: Domain Decomposition, Optimal Local Approximation and Local Model Order Reduction},
  event = {Oberwolfach Workshop on "Computational Multiscale Methods" (Organisers: B. Engquist, D. Peterseim)},
  eventdate = {28 July - 3 August 2019},
  series = {Oberwolfach Report 35/2019},
  url = {https://ganymed.math.uni-heidelberg.de/~rscheichl/preprints/owr-ws1931-scheichl.pdf},
  urlname = {PDF}
}

@inproceedings{gilbert2019,
  author = {A.D. Gilbert and I.G. Graham and R. Scheichl and I.H. Sloan},
  year = 2019,
  title = {Bounding the Spectral Gap for an Elliptic Eigenvalue Problem with Uniformly Bounded Stochastic Coefficients},
  notes = {to appear in 2018 MATRIX Annals (Springer), matrix-inst.org.au},
  url = {https://arxiv.org/abs/1901.10470}
}

@inproceedings{graham2019,
  author = {I.G. Graham and M.J. Parkinson and R. Scheichl},
  year = 2018,
  title = {Modern Monte Carlo Variants for Uncertainty Quantification in Neutron Transport},
  notes = {invited article for the "Festschrift for the 80th birthday of Ian Sloan"},
  editors = {Dick J, Kuo FY, Wozniakowski H},
  publisher = {Springer},
  url = {http://arxiv.org/abs/1702.03561}
}

@inproceedings{dodwell2017customcoarse,
  author = {T.J. Dodwell and A. Sandhu and R. Scheichl},
  year = 2017,
  title = {Customized Coarse Models for Highly Heterogeneous Materials},
  booktitle = {Bifurcation and Degradation of Geomaterials with Engineering Applications},
  editors = {Papamichos E, Papanastasiou P, Pasternak E, Dyskin A},
  event = {IWBDG 2017},
  series = {Springer Series in Geomechanics and Geoengineering},
  publisher = {Springer},
  url = {https://ganymed.math.uni-heidelberg.de/~rscheichl/preprints/DodwellGMsFEM.pdf},
}

@inproceedings{fletcher2016,
  author = {T. Fletcher and A. Reinarz and T.J. Dodwell and R. Butler and R. Scheichl and R. Newley},
  year = 2016,
  title = {Efficient Modelling and Accurate Certification of Curved Aerospace Laminates},
  event = {17th European Conference on Composite Materials, Munich},
  eventdate = {26-30 June 2016},
  url = {http://www.eccm17.org/},
  urlname = {Link}
}

@inproceedings{butler2015,
  author = {R. Butler and T.J. Dodwell and T. Kim and S. Kynaston and R. Scheichl and R.T. Haftka and N.H. Kim},
  year = 2015,
  title = {Uncertainty Quantification of Composite Structures with Defects using Multilevel Monte Carlo Simulations},
  event = {AIAA SciTech Conference, Kissimmee},
  eventdate = {5-9 January 2015},
  url = {http://arc.aiaa.org/doi/abs/10.2514/6.2015-1598},
  urlname = {Link}
}

@inproceedings{kim2015,
  author = {T. Kim and T. Fletcher and T.J. Dodwell and R. Butler and R. Scheichl and J. Ankersen and R. Newley},
  year = 2015,
  title = {The Effect of Free Edges on Inter-Laminar Performance of Curved Laminates},
  event = {AIAA SciTech Conference, Kissimmee},
  eventdate = {5-9 January 2015},
  url = {http://arc.aiaa.org/doi/abs/10.2514/6.2015-0968},
  urlname = {Link}
}

@inproceedings{schiechl2014,
  author = {R. Scheichl},
  year = 2014,
  title = {Robust Numerical Upscaling at High Contrast},
  event = {Oberwolfach Workshop on "Reactive Flows in Deformable, Complex Media" (Organisers: M. Gerritsen, J.M. Nordbotten, I.S. Pop, B. Wohlmuth)},
  eventdate = {21-27 September 2014},
  series = {Oberwolfach Report 43/2014},
  url = {https://ganymed.math.uni-heidelberg.de/~rscheichl/preprints/owr-scheichl-preprint-2014.pdf}
}

@inproceedings{spillane2014,
  author = {N. Spillane and V. Dolean and P. Hauret and F. Nataf and C. Pechstein and R Scheichl},
  year = 2014,
  title = {Achieving Robustness Through Coarse Space Enrichment in the Two Level Schwarz Framework},
  notes = {to appear in "Proceedings of the 21st International Conference on Domain Decomposition Methods" (DD21), Rennes, June 2012},
  url = {https://ganymed.math.uni-heidelberg.de/~rscheichl/preprints/spillanen_mini_13.pdf},
  urlname = {Preprint}
}

@inproceedings{scheichl2013,
  author = {R. Scheichl},
  year = 2013,
  title = {MLMCMC -- Multilevel Markov Chain Monte Carlo},
  event = {Oberwolfach Miniworkshop on "Numerical Upscaling for Media with Deterministic and Stochastic Heterogeneity" (Organisers: Y. Efendiev, O. Iliev, P. Vassilevski)},
  eventdate = {10-16 February 2013},
  series = {Oberwolfach Report 07/2013},
  url = {https://ganymed.math.uni-heidelberg.de/~rscheichl/preprints/owr_scheichl_Feb2013.pdf}
}

@inproceedings{scheichl2013b,
  author = {R. Scheichl},
  year = 2013,
  title = {Robust Coarsening in Multiscale PDEs},
  booktitle = {Domain Decomposition Methods in Science and Engineering XX},
  editors = {R. Bank, M. Holst, O. Widlund, J. Xu},
  volume = 91,
  series = {Lecture Notes in Computational Science and Engineering},
  publisher = {Springer},
  pages = {51-62},
  url = {https://ganymed.math.uni-heidelberg.de/~rscheichl/preprints/scheichl_dd20_revised.pdf}
}

 @inproceedings{pechstein2013,
   author = {C. Pechstein and M. Sarkis and R. Scheichl},
   year = 2013,
   title = {New Theoretical Coefficient Robustness Results for FETI-DP},
   booktitle = {Domain Decomposition Methods in Science and Engineering XX},
   editors = {R. Bank, M. Holst, O. Widlund, J. Xu},
   volume = 91,
   series = {Lecture Notes in Computational Science and Engineering},
   publisher = {Springer},
   pages = {313-320},
   url = {https://ganymed.math.uni-heidelberg.de/~rscheichl/preprints/fetidp.pdf}
 }

 @inproceedings{dolean2013,
   author = {V. Dolean and F. Nataf and R. Scheichl and N. Spillane},
   year = 2013,
   title = {A Two-Level Schwarz Preconditioner for Heterogeneous Problems},
   booktitle = {Domain Decomposition Methods in Science and Engineering XX},
   editors = {R. Bank, M. Holst, O. Widlund, J. Xu},
   volume = 91,
   series = {Lecture Notes in Computational Science and Engineering},
   publisher = {Springer},
   pages = {87-94},
   url = {https://ganymed.math.uni-heidelberg.de/~rscheichl/preprints/nataf_mini_1.pdf}
 }

@inproceedings{pechstein2011,
  author = {C. Pechstein and R. Scheichl},
  year = 2011,
  title = {Weighted Poincare Inequalities and Applications in Domain Decomposition},
  booktitle = {Domain Decomposition Methods in Science and Engineering XIX},
  editors = {Y. Huang, R. Kornhuber, O. Widlund, and J. Xu},
  series = {Lecture Notes in Computational Science and Engineering},
  volume = 78,
  pages = {197-204},
  publisher = {Springer},
  notes = {(Proceedings of 19th Int. Conf. Domain Decomposition Methods, 17-22 Aug 2009, Zhangjiajie, China)},
  url = {https://ganymed.math.uni-heidelberg.de/~rscheichl/preprints/PS2009-12.pdf}
}

@inproceedings{dogson2010,
  author = {E. Dodgson and D.A.S. Rees and R. Scheichl},
  year = 2010,
  title = {Vortex Instability of Free Convection Boundary Layers in Porous Media},
  booktitle = {Proceedings of 3rd Internat. Conf. Porous Media and its Applications in Science, Engineering and Industry},
  notes = {(June 20-25 2010, Montecatini, Italy)},
  series = {AIP Conference Proceedings},
  volume = 1254,
  editor = {K. Vafai}
}

@inproceedings{pechstein2010,
  author = {C. Pechstein and R. Scheichl},
  year = 2010,
  title = {Robust FETI Solvers for Multiscale Elliptic PDEs},
  booktitle = {Proceedings of the 6th Int. Conf. on Scientific Computing in Electrical Engineering},
  notes = {(SCEE 2008, Helsinki, Sep 2008)},
  editors = {Roos, J., Costa, L.R.J.},
  volume = 14,
  series = {Mathematics in Industry},
  publisher = {Springer},
  pages = {421-428},
  url = {https://ganymed.math.uni-heidelberg.de/~rscheichl/preprints/pechstein_scee2008fullpaper.pdf}
}

@inproceedings{pechstein2010b,
  author = {C. Pechstein and R. Scheichl},
  year = {2010},
  title = {Weighted Poincare Inequalities for High-Contrast Coefficients},
  event  = {Oberwolfach Workshop on "Computational Electromagnetism and Accoustics" (Organisers: R Hiptmair, RHW Hoppe, P Joly, U Langer)},
  eventdate = {14-20 February 2010},
  series = {Oberwolfach Report 10/2010},
  url = {https://ganymed.math.uni-heidelberg.de/~rscheichl/preprints/owr_pech_scheich_2010.pdf},
  urlname = {PDF}
}

@inproceedings{scheichl2009,
  author = {R. Scheichl},
  year = 2009,
  title = {Domain Decomposition and Upscaling},
  event = {Oberwolfach Miniworkshop on "Numerical Upscaling for Flow Problems: Theory and Applications" (Organisers: A. Brandt, Y. Efendiev, O. Iliev)},
  eventdate = {1-7 March 2009},
  series = {Oberwolfach Report 12/2009},
  url = {https://ganymed.math.uni-heidelberg.de/~rscheichl/preprints/owr_scheichl_March2009.pdf},
  urlname = {PDF}
}

@inproceedings{graham2008,
  author = {I.G. Graham and R. Scheichl},
  year = 2008,
  title = {Coefficient-explicit Condition Number Bounds for Overlapping Additive Schwarz},
  booktitle = {Proceedings of the 17th International Conference on Domain Decomposition Methods},
  notes = {(Strobl, Austria, 3-7 July 2006)},
  editors = {Langer, U., Discacciati, M. Keyes, D. et al.},
  series = {Domain Decomposition Methods in Science and Engineering XVII, Lecture Notes in Computational Science and Engineering},
  volume = {60},
  publisher = {Springer},
  url = {https://ganymed.math.uni-heidelberg.de/~rscheichl/preprints/scheichl_mini_08.pdf}
}

@inproceedings{scheichl2006,
  author = {R. Scheichl and E. Vainikko},
  year = {2006},
  title = {Robust Aggregation-Based Coarsening for Additive Schwarz in the Case of Highly Variable Coefficients},
  booktitle = {Proceedings of the European Conference on Computational Fluid Dynamics, ECCOMAS CFD 2006},
  editors = {P. Wesseling, E. Onate, J. Periaux},
  publisher = {TU Delft},
  url = {https://ganymed.math.uni-heidelberg.de/~rscheichl/preprints/eccomas_scheichl.pdf}
  }

@inproceedings{masson2004,
  author = {R. Masson and P. Quandalle and S. Requena and R. Scheichl},
  year = 2004,
  title = {Parallel Preconditioning for Sedimentary Basin Simulations},
  booktitle = {Proceedings 4th Int. Conf. on Large Scale Scientific Computations},
  series = {Lecture Notes in Computer Science},
  volume = 2907,
  editors = {Lirkov I., Margenov S. et al.}, 
  notes = {(June 4-8, 2003, Sozopol, Bulgaria)},
  publisher = {Springer},
  url = {https://ganymed.math.uni-heidelberg.de/~rscheichl/preprints/lssc.ps.gz},
  urlname = {PostScript file}
  }

@inproceedings{scheichl1999,
  author = {R. Scheichl},
  year = 1999,
  title = {Parallel Solvers for the Two-Group Neutron Diffusion Equations of Reactor Kinetics},
  booktitle = {Proceedings of the 11th International Conference on Domain Decomposition Methods},
  notes = {(Greenwich, July 1998)},
  editors = {C.H. Lai et al.},
  urlname = {PostScript file},
  url = {https://ganymed.math.uni-heidelberg.de/~rscheichl/preprints/Scheichl.ps.gz}
  }

@inproceedings{finnemann1999,
  author = {H. Finnemann and R. Scheichl},
  year = 1999,
  title = {Efficiency Enhancements of Coupled RELAP5/PANBOX Calculations Using Adaptive Methods},
  booktitle = {Transactions of the American Nuclear Society for the Annual Meeting},
  notes = {(Boston, June 1999)},
  urlname = {WordDocument},
  url = {https://ganymed.math.uni-heidelberg.de/~rscheichl/preprints/ANSBoston.rtf}
  }