@MastersThesis{kynaston2019,
  author = {S. Kynaston},
  year   = 2019,
  title  = {Multiscale Modelling and Stochastic Uncertainty Quantification with Application to Eigenvalue Problems in Aerospace Composites},
  type   = {MPhil Thesis},
  school = {University of Bath},
  url    = {https://ganymed.math.uni-heidelberg.de/~rscheichl/theses/SKynastonMPhil.pdf}
}

@PhdThesis{parkinson2018, 
  author = {M.J. Parkinson},
  year   = {2018},
  title  = {Uncertainty Quantification in Radiative Transport},
  school = {University of Bath},
  url    = {https://ganymed.math.uni-heidelberg.de/~rscheichl/theses/parkinson_thesis.pdf}
}

@PhdThesis{Katsiolides2018,
  author = {G. Katsiolides},
  year   = 2018,
  title  = {{Multilevel Monte Carlo Methods in Atmospheric Dispersion Modelling}},
  school = {University of Bath},
  url    = {https://ganymed.math.uni-heidelberg.de/~rscheichl/theses/Katsiolides_thesis.pdf}
}

@MastersThesis{Cook2013,
  author = {S.E. Cook},
  year   = 2013,
  title  = {Multilevel Monte Carlo Methods for Atmospheric Dispersion Modelling},
  type   = {MPhil Thesis},
  school = {University of Bath},
  url    = {https://ganymed.math.uni-heidelberg.de/~rscheichl/theses/SCookMPhilThesis-Final.pdf}
}

@PhdThesis{Teckentrup2013,
  author = {A.L. Teckentrup},
  year   = 2013,
  title  = {Multilevel Monte Carlo Methods and Uncertainty Quantification},
  school = {University of Bath},
  url    = {https://ganymed.math.uni-heidelberg.de/~rscheichl/theses/Teckentrup_PhD.pdf}
}

@PhdThesis{Dodgson2011,
  author = {E. Dodgson},
  year   = 2011,
  title  = {Thermoconvective Instability in Porous Media},
  school = {University of Bath},
  url    = {https://ganymed.math.uni-heidelberg.de/~rscheichl/theses/UnivBath_PhD_2011_E.Dodgson.pdf}
}

@PhdThesis{Buckeridge2010,
  author = {S.D. Buckeridge},
  year   = 2010,
  title  = {Numerical Solution of Weather and Climate Systems},
  school = {University of Bath},
  url    = {https://ganymed.math.uni-heidelberg.de/~rscheichl/theses/sean_thesis.pdf}
}

@PhdThesis{Norton2008,
  author = {R. Norton},
  year   = 2008,
  title  = {Numerical Computation of Band Gaps in Photonic Crystal Fibres},
  school = {University of Bath},
  url    = {https://ganymed.math.uni-heidelberg.de/~rscheichl/theses/Norton_PhD.pdf}
}

@PhdThesis{Scheichl2000,
  author  = {R. Scheichl},
  year    = 2000,
  title   = {Iterative Solution of Saddle Point Problems Using Divergence-free Finite Elements with Applications to Groundwater Flow},
  school  = {University of Bath},
  urlname = {PostScript file},
  url     = {https://ganymed.math.uni-heidelberg.de/~rscheichl/theses/thesis.ps.gz}
}

